@article{singh-2022,
	author = {Singh, Balbir Singh A L Bhagwan and Gambrell, Ashleigh and Correll, Joshua},
	journal = {Behavior Research Methods},
	month = {4},
	number = {2},
	pages = {639--645},
	title = {{Face templates for the Chicago Face Database}},
	volume = {55},
	year = {2022},
	doi = {10.3758/s13428-022-01830-7},
	url = {https://doi.org/10.3758/s13428-022-01830-7},
}

@article{adjabi-2020,
	author = {Adjabi, Insaf and Ouahabi, Abdeldjalil and Benzaoui, Amir and Taleb‚ÄêAhmed, Abdelmalik},
	journal = {Electronics},
	month = {7},
	number = {8},
	pages = {1188},
	title = {{Past, Present, and Future of Face Recognition: A review}},
	volume = {9},
	year = {2020},
	doi = {10.3390/electronics9081188},
	url = {https://doi.org/10.3390/electronics9081188},
}

@article{viola-2004,
	author = {Viola, Paul A. and Jones, Michael},
	journal = {International Journal of Computer Vision},
	month = {5},
	number = {2},
	pages = {137--154},
	title = {{Robust Real-Time Face Detection}},
	volume = {57},
	year = {2004},
	doi = {10.1023/b:visi.0000013087.49260.fb},
	url = {https://doi.org/10.1023/b:visi.0000013087.49260.fb},
}

@article{debbie-2015,
	author = {Debbie, S. and Correll, Joshua and Wittenbrink, Bernd},
	journal = {Behavior Research Methods},
	month = {1},
	number = {4},
	pages = {1122--1135},
	title = {{The Chicago face database: A free stimulus set of faces and norming data}},
	volume = {47},
	year = {2015},
	doi = {10.3758/s13428-014-0532-5},
	url = {https://doi.org/10.3758/s13428-014-0532-5},
}

@inproceedings{xiang-2017,
  author={Xiang, Jia and Zhu, Gengming},
  booktitle={2017 4th International Conference on Information Science and Control Engineering (ICISCE)}, 
  title={Joint Face Detection and Facial Expression Recognition with MTCNN}, 
  year={2017},
  volume={},
  number={},
  pages={424-427},
  doi={10.1109/ICISCE.2017.95}
}

@article{turk-1991,
    author = {Turk, Matthew and Pentland, Alex},
    title = "{Eigenfaces for Recognition}",
    journal = {Journal of Cognitive Neuroscience},
    volume = {3},
    number = {1},
    pages = {71-86},
    year = {1991},
    month = {01},
    issn = {0898-929X},
    doi = {10.1162/jocn.1991.3.1.71},
    url = {https://doi.org/10.1162/jocn.1991.3.1.71},
    eprint = {https://direct.mit.edu/jocn/article-pdf/3/1/71/1932018/jocn.1991.3.1.71.pdf},
}

@inproceedings{rodavia-2016,
  author={Rodavia, Maria Rosario D. and Bernaldez, Orlando and Ballita, Maylane},
  booktitle={2016 IEEE International Conference on Teaching, Assessment, and Learning for Engineering (TALE)}, 
  title={Web and mobile based facial recognition security system using Eigenfaces algorithm}, 
  year={2016},
  volume={},
  number={},
  pages={86-92},
  doi={10.1109/TALE.2016.7851776}
}

@inproceedings{ramadhani-2017,
  author={Ramadhani, Anissa Lintang and Musa, Purnawarman and Wibowo, Eri Prasetyo},
  booktitle={2017 Second International Conference on Informatics and Computing (ICIC)}, 
  title={Human face recognition application using pca and eigenface approach}, 
  year={2017},
  volume={},
  number={},
  pages={1-5},
  doi={10.1109/IAC.2017.8280652}
}
