@book{izenman2008modern,
	title = {{Modern multivariate statistical techniques}},
    author = {Izenman, Alan Julian},
    volume={1},
    year={2008},
    publisher={Springer},
	doi = {10.1007/978-0-387-78189-1},
	url = {https://doi.org/10.1007/978-0-387-78189-1},
}

@article{pantic-2009,
	author = {Pantić, Maja},
	journal = {Philosophical transactions of the Royal Society of London},
	month = {12},
	number = {1535},
	pages = {3505--3513},
	title = {{Machine analysis of facial behaviour: naturalistic and dynamic behaviour}},
	volume = {364},
	year = {2009},
	doi = {10.1098/rstb.2009.0135},
	url = {https://doi.org/10.1098/rstb.2009.0135},
}

@article{posner-2005,
	author = {Posner, Jonathan and Russell, James A. and Peterson, Bradley S.},
	journal = {Development and Psychopathology},
	month = {9},
	number = {03},
	title = {{The circumplex model of affect: An integrative approach to affective neuroscience, cognitive development, and psychopathology}},
	volume = {17},
	year = {2005},
	doi = {10.1017/s0954579405050340},
	url = {https://doi.org/10.1017/s0954579405050340},
}

@article{du-2015,
	author = {Du, Shichuan and Martínez, Aleix M.},
	journal = {Dialogues in Clinical Neuroscience},
	month = {12},
	number = {4},
	pages = {443--455},
	title = {{Compound facial expressions of emotion: from basic research to clinical applications}},
	volume = {17},
	year = {2015},
	doi = {10.31887/dcns.2015.17.4/sdu},
	url = {https://doi.org/10.31887/dcns.2015.17.4/sdu},
}
