@inproceedings{taigman2014deepface,
  title={Deepface: Closing the gap to human-level performance in face verification},
  author={Taigman, Yaniv and Yang, Ming and Ranzato, Marc'Aurelio and Wolf, Lior},
  booktitle={Proceedings of the IEEE conference on computer vision and pattern recognition},
  pages={1701--1708},
  year={2014}
}

@article{sun2014deep,
  title={Deep learning face representation by joint identification-verification},
  author={Sun, Yi and Chen, Yuheng and Wang, Xiaogang and Tang, Xiaoou},
  journal={Advances in neural information processing systems},
  volume={27},
  year={2014}
}

@article{wang2021deep,
  title={Deep face recognition: A survey},
  author={Wang, Mei and Deng, Weihong},
  journal={Neurocomputing},
  volume={429},
  pages={215--244},
  year={2021},
  publisher={Elsevier}
}

@inproceedings{liu2015faceattributes,
  title = {Deep Learning Face Attributes in the Wild},
  author = {Liu, Ziwei and Luo, Ping and Wang, Xiaogang and Tang, Xiaoou},
  booktitle = {Proceedings of International Conference on Computer Vision (ICCV)},
  month = {December},
  year = {2015} 
}

@inproceedings{cao2018vggface2,
  title={Vggface2: A dataset for recognising faces across pose and age},
  author={Cao, Qiong and Shen, Li and Xie, Weidi and Parkhi, Omkar M and Zisserman, Andrew},
  booktitle={2018 13th IEEE international conference on automatic face \& gesture recognition (FG 2018)},
  pages={67--74},
  year={2018},
  organization={IEEE}
}

@article{geiger2020scaling,
  title={Scaling description of generalization with number of parameters in deep learning},
  author={Geiger, Mario and Jacot, Arthur and Spigler, Stefano and Gabriel, Franck and Sagun, Levent and dâ€™Ascoli, St{\'e}phane and Biroli, Giulio and Hongler, Cl{\'e}ment and Wyart, Matthieu},
  journal={Journal of Statistical Mechanics: Theory and Experiment},
  volume={2020},
  number={2},
  pages={023401},
  year={2020},
  publisher={IOP Publishing}
}

@article{viola2004robust,
  title={Robust real-time face detection},
  author={Viola, Paul and Jones, Michael J},
  journal={International journal of computer vision},
  volume={57},
  pages={137--154},
  year={2004},
  publisher={Springer}
}

@article{zhang2016joint,
  title={Joint face detection and alignment using multitask cascaded convolutional networks},
  author={Zhang, Kaipeng and Zhang, Zhanpeng and Li, Zhifeng and Qiao, Yu},
  journal={IEEE signal processing letters},
  volume={23},
  number={10},
  pages={1499--1503},
  year={2016},
  publisher={IEEE}
}

@article{wu2023yunet,
  title={YuNet: A Tiny Millisecond-level Face Detector},
  author={Wu, Wei and Peng, Hanyang and Yu, Shiqi},
  journal={Machine Intelligence Research},
  pages={1--10},
  year={2023},
  publisher={Springer}
}

@inproceedings{deng2020retinaface,
  title={Retinaface: Single-shot multi-level face localisation in the wild},
  author={Deng, Jiankang and Guo, Jia and Ververas, Evangelos and Kotsia, Irene and Zafeiriou, Stefanos},
  booktitle={Proceedings of the IEEE/CVF conference on computer vision and pattern recognition},
  pages={5203--5212},
  year={2020}
}

@article{wu2018light,
  title={A light CNN for deep face representation with noisy labels},
  author={Wu, Xiang and He, Ran and Sun, Zhenan and Tan, Tieniu},
  journal={IEEE Transactions on Information Forensics and Security},
  volume={13},
  number={11},
  pages={2884--2896},
  year={2018},
  publisher={IEEE}
}

@article{howard-2017,
	author = {Howard, Andrew and Zhu, Menglong and Chen, Bin and Kalenichenko, Dmitry and Wang, Weijun and Weyand, Tobias and Andreetto, Marco and Adam, Hartwig},
	journal = {arXiv (Cornell University)},
	month = {4},
	title = {{MobileNets: efficient convolutional neural networks for mobile vision applications}},
	year = {2017},
	url = {http://export.arxiv.org/pdf/1704.04861},
}